@article {Mrose1979,
    AUTHOR = {Mrose, Arnulf},
     TITLE = {Untere {S}chranken f\"ur die {R}eichweiten von {E}xtremalbasen
              fester {O}rdnung},
   JOURNAL = {Abh. Math. Sem. Univ. Hamburg},
  FJOURNAL = {Abhandlungen aus dem Mathematischen Seminar der Universit\"at
              Hamburg},
    VOLUME = {48},
      YEAR = {1979},
     PAGES = {118--124},
      ISSN = {0025-5858},
     CODEN = {AMHAAJ},
   MRCLASS = {10L05},
  MRNUMBER = {537452 (80g:10058)},
MRREVIEWER = {Friedrich Roesler},
       DOI = {10.1007/BF02941296},
       URL = {http://dx.doi.org/10.1007/BF02941296},
}

 @comment{ D. Frank Hsu and Xingde Jia. Extremal problems in the construction of 
           distributed loop networks. SIAM J. Discrete Math., 7(1):77-71, 
           1994. }
@article{JiaHsu,
 author = "D. F. Hsu and Xingde  Jia",
 title = "Extremal problems in the construction of distributed loop networks",
 journal = "SIAM J. Discrete Math.",
 volume = "7",
 number = "1",
 pages = "57--71",
 year = 1994,
 ISSN = {o895-4801}
}

@article {Hammerer-Hofmeister:1976,
    AUTHOR = {H{\"a}mmerer, Norbert and Hofmeister, Gerd},
     TITLE = {Zu einer {V}ermutung von {R}ohrbach},
   JOURNAL = {J. Reine Angew. Math.},
  FJOURNAL = {Journal f\"ur die Reine und Angewandte Mathematik},
    VOLUME = {286/287},
      YEAR = {1976},
     PAGES = {239--247},
      ISSN = {0075-4102},
   MRCLASS = {10L05},
  MRNUMBER = {MR0422189 (54 \#10181)},
MRREVIEWER = {A. R. Freedman},
}


@article {Rohrbach:1937a,
    AUTHOR = {Rohrbach, Hans},
     TITLE = {Ein {B}eitrag zur additiven {Z}ahlentheorie},
   JOURNAL = {Math. Z.},
  FJOURNAL = {Mathematische Zeitschrift},
    VOLUME = {42},
      YEAR = {1937},
    NUMBER = {1},
     PAGES = {1--30},
      ISSN = {0025-5874},
     CODEN = {MAZEAX},
   MRCLASS = {Contributed Item},
  MRNUMBER = {MR1545658},
}


	
@MastersThesis{Su:thesis,
Author	 = {Su, Weidong},
title	=	{A combinatorial problem in the construction of distributed loop
  			networks},
school	=	{Texas State University},
year		=	{1993},
address	=	{Texas, USA},
advisor	=	{Xingde Jia},
}


@article {Wong-Coppersmith:1974,
    AUTHOR = {Wong, C. K. and Coppersmith, Don},
     TITLE = {A combinatorial problem related to multimodule memory
              organizations},
   JOURNAL = {J. Assoc. Comput. Mach.},
  FJOURNAL = {Journal of the Association for Computing Machinery},
    VOLUME = {21},
      YEAR = {1974},
     PAGES = {392--402},
      ISSN = {0004-5411},
   MRCLASS = {05A99 (68A99)},
  MRNUMBER = {MR0457246 (56 \#15454)},
MRREVIEWER = {Stephen H. Y. Hung},
}


@book {Hsu-Jia:CombinatorialNetworks,
    AUTHOR = {Hsu, D. Frank and Jia, Xingde},
     TITLE = {Combinatorial Networks},
 PUBLISHER = {Under Preparation},
      YEAR = {2012},
      Notes= {under preparation},
}


@book {Selmer:1986b,
    AUTHOR = {Ernst S. Selmer},
     TITLE = {The Local Postage Stamp Problem, Part II: The Bases $A_3$ and 
				$A_{4}$},
    SERIES = {Mathematics Department Research Reports},
    VOLUME = {44},
 PUBLISHER = {University of Bergen},
   ADDRESS = {Bergen, Norway},
      YEAR = {1986},
	 MONTH	= {September},
     PAGES = {140},
}


@book {Selmer:1986a,
    AUTHOR = {Ernst S. Selmer},
     TITLE = {The Local Postage Stamp Problem, Part I: General Theory},
    SERIES = {Mathematics Department Research Reports},
    VOLUME = {42},
 PUBLISHER = {University of Bergen},
   ADDRESS = {Bergen, Norway},
	MONTH	= {April},
      YEAR = {1986},
     PAGES = {140},
}


